<?xml version="1.0" encoding="UTF-8"?><collection xmlns="http://www.loc.gov/MARC21/slim"><record><leader>00340nam--2200133-i-4500</leader><controlfield tag="001">000047077</controlfield><controlfield tag="002">20161230</controlfield><controlfield tag="005">20161230201046</controlfield><controlfield tag="008">060222s1000------------r-----000-0-eng-d</controlfield><datafield ind1=" " ind2=" " tag="080"><subfield code="a">521</subfield></datafield><datafield ind1=" " ind2=" " tag="100"><subfield code="a">Vsehsviatski,S.K</subfield></datafield><datafield ind1=" " ind2=" " tag="245"><subfield code="a">Cum a cunoscut omul universul</subfield></datafield><datafield ind1=" " ind2=" " tag="260"><subfield code="a">Bucuresti, Ed. Cartea Rusa, 1955 . 84 /875 P. + Ilustr</subfield></datafield><datafield ind1=" " ind2=" " tag="852"><subfield code="a">3839</subfield></datafield></record></collection>